<?xml version="1.0" encoding="UTF-8"?><collection xmlns="http://www.loc.gov/MARC21/slim"><record><leader>00484nam--2200193-i-4500</leader><controlfield tag="001">000015246</controlfield><controlfield tag="002">20161230</controlfield><controlfield tag="005">20161230201031</controlfield><controlfield tag="008">060222s1000------------r-----000-0-fre-d</controlfield><datafield ind1=" " ind2=" " tag="040"><subfield code="a">IFIN-HH</subfield></datafield><datafield ind1=" " ind2=" " tag="041"><subfield code="a">fre</subfield></datafield><datafield ind1=" " ind2=" " tag="080"><subfield code="a">519.2</subfield></datafield><datafield ind1="1" ind2=" " tag="100"><subfield code="a">Arnold, V.I</subfield></datafield><datafield ind1="1" ind2="0" tag="245"><subfield code="a">Problemes ergodiques de la mecanique classique</subfield><subfield code="c">V.I. Arnold, A Avez</subfield></datafield><datafield ind1=" " ind2=" " tag="260"><subfield code="a">Paris, Gauthier-villars, 1967</subfield></datafield><datafield ind1=" " ind2=" " tag="300"><subfield code="a">243 P</subfield></datafield><datafield ind1="1" ind2=" " tag="700"><subfield code="a">Avez, A</subfield></datafield><datafield ind1=" " ind2=" " tag="852"><subfield code="a">77625</subfield><subfield code="c">531</subfield></datafield><datafield ind1=" " ind2=" " tag="CAT"><subfield code="a">Sys</subfield><subfield code="c">20100708</subfield><subfield code="h">131018</subfield></datafield></record></collection>